% qq plot
@article{das2008qq,
  title={QQ plots, random sets and data from a heavy tailed distribution},
  author={Das, BRSI and Resnick, Sidney I},
  journal={Stochastic Models},
  volume={24},
  number={1},
  pages={103--132},
  year={2008},
  publisher={Taylor \& Francis}
}
@article{闵琦2004delta,
	title={$\delta$ 函数的定义及其性质},
	author={闵琦},
	journal={大学物理},
	volume={23},
	number={9},
	pages={18--18},
	year={2004}
}
% norm distribution
@article{johnson1987normal,
  title={Normal distributions},
  author={Johnson, NL and Kotz, S and Balakrishnan, N},
  journal={Continuous univariate distributions},
  volume={1},
  pages={156--157},
  year={1987}
}
% probability density distribution
@book{barfoot2017state,
  title={State estimation for robotics},
  author={Barfoot, Timothy D},
  year={2017},
  publisher={Cambridge University Press}
}
%correlation coefficient
@article{asuero2006correlation,
  title={The correlation coefficient: An overview},
  author={Asuero, Agustin Garcia and Sayago, Ana and Gonz{\'a}lez, AG},
  journal={Critical reviews in analytical chemistry},
  volume={36},
  number={1},
  pages={41--59},
  year={2006},
  publisher={Taylor \& Francis}
}
% python
@article{python2021python,
  title={Python},
  author={Python, Why},
  journal={Python Releases for Windows},
  volume={24},
  year={2021},
  publisher={Citeseer}
}
% scipy
@article{virtanen2020scipy,
  title={SciPy 1.0: fundamental algorithms for scientific computing in Python},
  author={Virtanen, Pauli and Gommers, Ralf and Oliphant, Travis E and Haberland, Matt and Reddy, Tyler and Cournapeau, David and Burovski, Evgeni and Peterson, Pearu and Weckesser, Warren and Bright, Jonathan and others},
  journal={Nature methods},
  volume={17},
  number={3},
  pages={261--272},
  year={2020},
  publisher={Nature Publishing Group}
}
% matplotlib
@article{hunter2007matplotlib,
  title={Matplotlib: A 2D graphics environment},
  author={Hunter, John D},
  journal={Computing in science \& engineering},
  volume={9},
  number={03},
  pages={90--95},
  year={2007},
  publisher={IEEE Computer Society}
}
% least-squares fitting
@article{weisstein2002least,
  title={Least squares fitting},
  author={Weisstein, Eric W},
  journal={https://mathworld. wolfram. com/},
  year={2002},
  publisher={Wolfram Research, Inc.}
}
%概率论和数理统计
@misc{孙荣恒2000概率论和数理统计,
  title={概率论和数理统计},
  author={孙荣恒 and 伊亨云 and 刘琼荪 and 何中市},
  year={2000},
  publisher={重庆: 重庆大学出版社}
}
%无向图
@article{bloom1977applications,
  title={Applications of numbered undirected graphs},
  author={Bloom, Gary S and Golomb, Solomon W},
  journal={Proceedings of the IEEE},
  volume={65},
  number={4},
  pages={562--570},
  year={1977},
  publisher={IEEE}
}
