@inproceedings{cucchiara2003hough,
  title={A Hough transform-based method for radial lens distortion correction},
  author={Cucchiara, Rita and Grana, Costantino and Prati, Andrea and Vezzani, Roberto},
  booktitle={12th International Conference on Image Analysis and Processing, 2003. Proceedings.},
  pages={182--187},
  year={2003},
  organization={IEEE}
}
@article{illingworth1988survey,
  title={A survey of the Hough transform},
  author={Illingworth, John and Kittler, Josef},
  journal={Computer vision, graphics, and image processing},
  volume={44},
  number={1},
  pages={87--116},
  year={1988},
  publisher={Elsevier}
}
@article{canny1986computational,
  title={A computational approach to edge detection},
  author={Canny, John},
  journal={IEEE Transactions on pattern analysis and machine intelligence},
  number={6},
  pages={679--698},
  year={1986},
  publisher={Ieee}
}