@book{高翔2017视觉,
  title={视觉 SLAM 十四讲: 从理论到实践},
  author={高翔},
  year={2017},
  publisher={电子工业出版社}
}
@article{sibley2008sliding,
  title={A sliding window filter for incremental SLAM},
  author={Sibley, Gabe and Matthies, Larry and Sukhatme, Gaurav},
  journal={Unifying perspectives in computational and robot vision},
  pages={103--112},
  year={2008},
  publisher={Springer}
}
@article{cioffi2022continuous,
  title     = {Continuous-time vs. discrete-time vision-based SLAM: A comparative study},
  author    = {Cioffi, Giovanni and Cieslewski, Titus and Scaramuzza, Davide},
  journal   = {IEEE Robotics and Automation Letters},
  volume    = {7},
  number    = {2},
  pages     = {2399--2406},
  year      = {2022},
  publisher = {IEEE}
}
@software{Agarwal_Ceres_Solver_2022,
  author = {Agarwal, Sameer and Mierle, Keir and The Ceres Solver Team},
  title = {{Ceres Solver}},
  license = {Apache-2.0},
  url = {https://github.com/ceres-solver/ceres-solver},
  version = {2.2},
  year = {2023},
  month = {10}
}
@article{qin2018vins,
  title={Vins-mono: A robust and versatile monocular visual-inertial state estimator},
  author={Qin, Tong and Li, Peiliang and Shen, Shaojie},
  journal={IEEE Transactions on Robotics},
  volume={34},
  number={4},
  pages={1004--1020},
  year={2018},
  publisher={IEEE}
}
@inproceedings{qin1998general,
  title        = {General matrix representations for B-splines},
  author       = {Qin, Kaihuai},
  booktitle    = {Proceedings Pacific Graphics' 98. Sixth Pacific Conference on Computer Graphics and Applications (Cat. No. 98EX208)},
  pages        = {37--43},
  year         = {1998},
  organization = {IEEE}
}
@inproceedings{haarbach2018survey,
  title        = {Survey of higher order rigid body motion interpolation methods for keyframe animation and continuous-time trajectory estimation},
  author       = {Haarbach, Adrian and Birdal, Tolga and Ilic, Slobodan},
  booktitle    = {2018 International Conference on 3D Vision (3DV)},
  pages        = {381--389},
  year         = {2018},
  organization = {IEEE}
}
@inproceedings{kim1995general,
  title     = {A general construction scheme for unit quaternion curves with simple high order derivatives},
  author    = {Kim, Myoung-Jun and Kim, Myung-Soo and Shin, Sung Yong},
  booktitle = {Proceedings of the 22nd annual conference on Computer graphics and interactive techniques},
  pages     = {369--376},
  year      = {1995}
}
@book{de1978practical,
  title     = {A practical guide to splines},
  author    = {De Boor, Carl and De Boor, Carl},
  volume    = {27},
  year      = {1978},
  publisher = {springer-verlag New York}
}