@article{mirzaei2008kalman,
  title={A Kalman filter-based algorithm for IMU-camera calibration: Observability analysis and performance evaluation},
  author={Mirzaei, Faraz M and Roumeliotis, Stergios I},
  journal={IEEE transactions on robotics},
  volume={24},
  number={5},
  pages={1143--1156},
  year={2008},
  publisher={IEEE}
}
@inproceedings{furgale2013unified,
  title={Unified temporal and spatial calibration for multi-sensor systems},
  author={Furgale, Paul and Rehder, Joern and Siegwart, Roland},
  booktitle={2013 IEEE/RSJ International Conference on Intelligent Robots and Systems},
  pages={1280--1286},
  year={2013},
  organization={IEEE}
}
@article{huai2022continuous,
  title={Continuous-time spatiotemporal calibration of a rolling shutter camera-IMU system},
  author={Huai, Jianzhu and Zhuang, Yuan and Lin, Yukai and Jozkow, Grzegorz and Yuan, Qicheng and Chen, Dong},
  journal={IEEE Sensors Journal},
  volume={22},
  number={8},
  pages={7920--7930},
  year={2022},
  publisher={IEEE}
}
@article{huai2022observability,
  title={Observability analysis and keyframe-based filtering for visual inertial odometry with full self-calibration},
  author={Huai, Jianzhu and Lin, Yukai and Zhuang, Yuan and Toth, Charles K and Chen, Dong},
  journal={IEEE Transactions on Robotics},
  volume={38},
  number={5},
  pages={3219--3237},
  year={2022},
  publisher={IEEE}
}
@article{xu2022cammap,
  title={CamMap: Extrinsic Calibration of Non-Overlapping Cameras Based on SLAM Map Alignment},
  author={Xu, Jie and Li, Ruifeng and Zhao, Lijun and Yu, Wenlu and Liu, Zhiheng and Zhang, Bo and Li, Yuchen},
  journal={IEEE Robotics and Automation Letters},
  volume={7},
  number={4},
  pages={11879--11885},
  year={2022},
  publisher={IEEE}
}
@inproceedings{furgale2012continuous,
  title={Continuous-time batch estimation using temporal basis functions},
  author={Furgale, Paul and Barfoot, Timothy D and Sibley, Gabe},
  booktitle={2012 IEEE International Conference on Robotics and Automation},
  pages={2088--2095},
  year={2012},
  organization={IEEE}
}