@inproceedings{wang2021fcos3d,
  title={Fcos3d: Fully convolutional one-stage monocular 3d object detection},
  author={Wang, Tai and Zhu, Xinge and Pang, Jiangmiao and Lin, Dahua},
  booktitle={Proceedings of the IEEE/CVF International Conference on Computer Vision},
  pages={913--922},
  year={2021}
}
@inproceedings{li2022bevformer,
  title={Bevformer: Learning birdâ€™s-eye-view representation from multi-camera images via spatiotemporal transformers},
  author={Li, Zhiqi and Wang, Wenhai and Li, Hongyang and Xie, Enze and Sima, Chonghao and Lu, Tong and Qiao, Yu and Dai, Jifeng},
  booktitle={European conference on computer vision},
  pages={1--18},
  year={2022},
  organization={Springer}
}
@article{huang2021bevdet,
  title={Bevdet: High-performance multi-camera 3d object detection in bird-eye-view},
  author={Huang, Junjie and Huang, Guan and Zhu, Zheng and Ye, Yun and Du, Dalong},
  journal={arXiv preprint arXiv:2112.11790},
  year={2021}
}
@inproceedings{li2023bevdepth,
  title={Bevdepth: Acquisition of reliable depth for multi-view 3d object detection},
  author={Li, Yinhao and Ge, Zheng and Yu, Guanyi and Yang, Jinrong and Wang, Zengran and Shi, Yukang and Sun, Jianjian and Li, Zeming},
  booktitle={Proceedings of the AAAI Conference on Artificial Intelligence},
  volume={37},
  number={2},
  pages={1477--1485},
  year={2023}
}
@inproceedings{li2023bevstereo,
  title={Bevstereo: Enhancing depth estimation in multi-view 3d object detection with temporal stereo},
  author={Li, Yinhao and Bao, Han and Ge, Zheng and Yang, Jinrong and Sun, Jianjian and Li, Zeming},
  booktitle={Proceedings of the AAAI Conference on Artificial Intelligence},
  volume={37},
  number={2},
  pages={1486--1494},
  year={2023}
}
@inproceedings{wang2022detr3d,
  title={Detr3d: 3d object detection from multi-view images via 3d-to-2d queries},
  author={Wang, Yue and Guizilini, Vitor Campagnolo and Zhang, Tianyuan and Wang, Yilun and Zhao, Hang and Solomon, Justin},
  booktitle={Conference on Robot Learning},
  pages={180--191},
  year={2022},
  organization={PMLR}
}
@inproceedings{chen2022graph,
  title={Graph-DETR3D: rethinking overlapping regions for multi-view 3D object detection},
  author={Chen, Zehui and Li, Zhenyu and Zhang, Shiquan and Fang, Liangji and Jiang, Qinhong and Zhao, Feng},
  booktitle={Proceedings of the 30th ACM International Conference on Multimedia},
  pages={5999--6008},
  year={2022}
}
@article{shi2022srcn3d,
  title={Srcn3d: Sparse r-cnn 3d surround-view camera object detection and tracking for autonomous driving},
  author={Shi, Yining and Shen, Jingyan and Sun, Yifan and Wang, Yunlong and Li, Jiaxin and Sun, Shiqi and Jiang, Kun and Yang, Diange},
  journal={arXiv preprint arXiv:2206.14451},
  year={2022}
}
@inproceedings{liu2020smoke,
  title={Smoke: Single-stage monocular 3d object detection via keypoint estimation},
  author={Liu, Zechen and Wu, Zizhang and T{\'o}th, Roland},
  booktitle={Proceedings of the IEEE/CVF Conference on Computer Vision and Pattern Recognition Workshops},
  pages={996--997},
  year={2020}
}
@inproceedings{reading2021categorical,
  title={Categorical depth distribution network for monocular 3d object detection},
  author={Reading, Cody and Harakeh, Ali and Chae, Julia and Waslander, Steven L},
  booktitle={Proceedings of the IEEE/CVF Conference on Computer Vision and Pattern Recognition},
  pages={8555--8564},
  year={2021}
}
